@article{scikit-learn,
 title={Scikit-learn: Machine Learning in {P}ython},
 author={Pedregosa, F. and Varoquaux, G. and Gramfort, A. and Michel, V.
         and Thirion, B. and Grisel, O. and Blondel, M. and Prettenhofer, P.
         and Weiss, R. and Dubourg, V. and Vanderplas, J. and Passos, A. and
         Cournapeau, D. and Brucher, M. and Perrot, M. and Duchesnay, E.},
 journal={Journal of Machine Learning Research},
 volume={12},
 pages={2825--2830},
 year={2011}
}

@inproceedings{ferreira2017metodos,
  title={M{\'e}todos de classifica{\c{c}}{\~a}o aplicados {\`a} detec{\c{c}}{\~a}o autom{\'a}tica de Estilos de Aprendizagem em um ambiente real de ensino},
  author={Ferreira, Lucas and Gazzola, Murilo and Ferrari, Deborah and Zupelari, Marina and Paiva, Paula and Rodrigues Jr, Jose},
  booktitle={Brazilian Symposium on Computers in Education (Simp{\'o}sio Brasileiro de Inform{\'a}tica na Educa{\c{c}}{\~a}o-SBIE)},
  volume={28},
  number={1},
  pages={1517},
  year={2017}
}
